@inproceedings{Heinzelman:2000,
  title={Energy-efficient communication protocol for wireless microsensor networks},
  author={Heinzelman, Wendi Rabiner and Chandrakasan, Anantha and Balakrishnan, Hari},
  booktitle={System sciences, 2000. Proceedings of the 33rd annual Hawaii international conference on},
  pages={10--pp},
  year={2000},
  organization={IEEE}
}

@article{Heinzelman:2002,
  title={An application-specific protocol architecture for wireless microsensor networks},
  author={Heinzelman, Wendi B and Chandrakasan, Anantha P and Balakrishnan, Hari},
  journal={IEEE Transactions on wireless communications},
  volume={1},
  number={4},
  pages={660--670},
  year={2002},
  publisher={IEEE}
}


@INPROCEEDINGS{Ye:2005,
  author = {Ye and M. and Li C. and Chen G. and Wu J.},
  title = {{E}nergy-Efficient {C}lustering {S}cheme in {W}ireless {S}ensor {N}etworks},
  journal = {IEEE 24th Proceedings {I}nternational {P}erformance, {C}omputing and {C}ommunications {C}onference},
  year = {2005},
  address = {Phoenix, AZ, USA},
  pages = {535 - 540}
}

@inproceedings{Jung:2009,
  title={A hybrid approach for clustering-based data aggregation in wireless sensor networks},
  author={Jung, Woo-Sung and Lim, Keun-Woo and Ko, Young-Bae and Park, Sang-Joon},
  booktitle={Digital Society, 2009. ICDS'09. Third International Conference on},
  pages={112--117},
  year={2009},
  organization={IEEE}
}

@inproceedings{Chen:2009,
  title={CHIRON: an energy-efficient chain-based hierarchical routing protocol in wireless sensor networks},
  author={Chen, Kuong-Ho and Huang, Jyh-Ming and Hsiao, Chieh-Chuan},
  booktitle={Wireless Telecommunications Symposium, 2009. WTS 2009},
  pages={1--5},
  year={2009},
  organization={IEEE}
}

@inproceedings{Lindsey:2002,
  title={PEGASIS: Power-efficient gathering in sensor information systems},
  author={Lindsey, Stephanie and Raghavendra, Cauligi S},
  booktitle={Aerospace conference proceedings, 2002. IEEE},
  volume={3},
  pages={3--3},
  year={2002},
  organization={IEEE}
}

@inproceedings{reinhardt2008designing,
  title={Designing a sensor network testbed for smart heterogeneous applications},
  author={Reinhardt, Andreas and Kropff, Matthias and Hollick, Matthias and Steinmetz, Ralf},
  booktitle={Local Computer Networks, 2008. LCN 2008. 33rd IEEE Conference on},
  pages={715--722},
  year={2008},
  organization={IEEE}
}

@inproceedings{reinhardt2013exploiting,
  title={Exploiting platform heterogeneity in wireless sensor networks by shifting resource-intensive tasks to dedicated processing nodes},
  author={Reinhardt, Andreas and Burgstahler, Daniel},
  booktitle={World of Wireless, Mobile and Multimedia Networks (WoWMoM), 2013 IEEE 14th International Symposium and Workshops on a},
  pages={1--9},
  year={2013},
  organization={IEEE}
}

@inproceedings{Sharma:2005,
  title={Hybrid sensor networks: a small world},
  author={Sharma, Gaurav and Mazumdar, Ravi},
  booktitle={Proceedings of the 6th ACM international symposium on Mobile ad hoc networking and computing},
  pages={366--377},
  year={2005},
  organization={ACM}
}

@article{hu2009design,
  title={Design and evaluation of a hybrid sensor network for cane toad monitoring},
  author={Hu, Wen and Bulusu, Nirupama and Chou, Chun Tung and Jha, Sanjay and Taylor, Andrew and Tran, Van Nghia},
  journal={ACM Transactions on Sensor Networks (TOSN)},
  volume={5},
  number={1},
  pages={4},
  year={2009},
  publisher={ACM}
}

@article{Aiello:2011,
  title={A java-based agent platform for programming wireless sensor networks},
  author={Aiello, Francesco and Fortino, Giancarlo and Gravina, Raffaele and Guerrieri, Antonio},
  journal={The Computer Journal},
  volume={54},
  number={3},
  pages={439--454},
  year={2011},
  publisher={Br Computer Soc}
}


@MANUAL{crossbow:TELOSB,
	title = {TelosB Datasheet},
	organization = {Crossbow Technology: http://www.xbow.com/Products/Product pdf}
	}

@MANUAL{TinyOS,
		title = {TinyOS, documentation and software: http://www.tinyos.net}
	}

@inproceedings{muldoon2008agent,
  title={Agent migration and communication in WSNs},
  author={Muldoon, Conor and O'Hare, Gregory MP and O'Grady, Michael J and Tynan, Richard},
  booktitle={Parallel and Distributed Computing, Applications and Technologies, 2008. PDCAT 2008. Ninth International Conference on},
  pages={425--430},
  year={2008},
  organization={IEEE}
}

@inproceedings{Yu:2007,
  title={Deploying a heterogeneous wireless sensor network},
  author={Yu, Liyang and Wang, Neng and Zhang, Wei and Zheng, Chunlei},
  booktitle={Wireless Communications, Networking and Mobile Computing, 2007. WiCom 2007. International Conference on},
  pages={2588--2591},
  year={2007},
  organization={IEEE}
}

@inproceedings{Rhee:2004,
  title={Techniques for minimizing power consumption in low data-rate wireless sensor networks},
  author={Rhee, Sokwoo and Seetharam, Deva and Liu, Sheng},
  booktitle={Wireless Communications and Networking Conference, 2004. WCNC. 2004 IEEE},
  volume={3},
  pages={1727--1731},
  year={2004},
  organization={IEEE}
}

@inproceedings{moeller2010routing,
  title={Routing without routes: The backpressure collection protocol},
  author={Moeller, Scott and Sridharan, Avinash and Krishnamachari, Bhaskar and Gnawali, Omprakash},
  booktitle={Proceedings of the 9th ACM/IEEE International Conference on Information Processing in Sensor Networks},
  pages={279--290},
  year={2010},
  organization={ACM}
}


@inproceedings{Hackmann:2008,
  title={Robust topology control for indoor wireless sensor networks},
  author={Hackmann, Gregory and Chipara, Octav and Lu, Chenyang},
  booktitle={Proceedings of the 6th ACM conference on Embedded network sensor systems},
  pages={57--70},
  year={2008},
  organization={ACM}
}

@inproceedings{Alizai:2009,
  title={Bursty traffic over bursty links},
  author={Alizai, Muhammad Hamad and Landsiedel, Olaf and Link, J{\'o} {\'A}gila Bitsch and G{\"o}tz, Stefan and Wehrle, Klaus},
  booktitle={Proceedings of the 7th ACM Conference on Embedded Networked Sensor Systems},
  pages={71--84},
  year={2009},
  organization={ACM}
}

@article{Gnawali:2013,
  title={CTP: An efficient, robust, and reliable collection tree protocol for wireless sensor networks},
  author={Gnawali, Omprakash and Fonseca, Rodrigo and Jamieson, Kyle and Kazandjieva, Maria and Moss, David and Levis, Philip},
  journal={ACM Transactions on Sensor Networks (TOSN)},
  volume={10},
  number={1},
  pages={16},
  year={2013},
  publisher={ACM}
}

@CONFERENCE{TEP:119,
	author = {R. Fonseca and O. Gnawali and K. Jamieson and S. Kim and P. Levis and A. Woo.},
	title = {[TEP 119: Collection Protocol}, 
	url ={https://github.com/tinyos/tinyos-main/blob/master/doc/txt/tep119.txt},
	year = {Feb. 2006}
}	
	
@misc{mesmicInc:SN,
		author = {MEMSIC, Inc},
		title = "wireless sensor nodes",
		url = "http://www.memsic.com/wireless-sensor-networks/"
}

@misc{datasheet:Telosb,
		author = {Telosb-Datasheet},
		title = "Telosb",
		url = "http://www.willow.co.uk/TelosB_Datasheet.pdf"
}
	
@misc{website-MSP430,
	author = {Texas Instruments},
	title = "Overview for MSP430F1x Ultra-low-power Microcontrollers",
	url = "http://www.ti.com/lsds/ti/microcontrollers-16-bit-32-bit/msp/ultra-low-power/msp430f1x/overview.page"
}

@misc{TI:cc2420,
	author = {Texas Instruments},
	title = "CC2420-Datasheet",
	url = "http://www.ti.com/lit/ds/symlink/cc2420.pdf"
}

@inproceedings{cooja:Contiki,
  title={Cross-level sensor network simulation with cooja},
  author={Osterlind, Fredrik and Dunkels, Adam and Eriksson, Joakim and Finne, Niclas and Voigt, Thiemo},
  booktitle={Local computer networks, proceedings 2006 31st IEEE conference on},
  pages={641--648},
  year={2006},
  organization={IEEE}
}

@misc{tinyOS:ctpImplementation,
	author = {Rodrigo Fonseca, Omprakash Gnawali, Kyle Jamieson, Sukun Kim, Philip Levis, and Alec Woo},
	title = "CTP Protocol Implementation",
	url = "https://github.com/tinyos/tinyos-main/tree/master/tos/lib/net/ctp"
}

@misc{ctp:networkProtocols,
	author = {TinyOS Community},
	title = "Network Protocols: Collection",
    url = "http://tinyos.stanford.edu/tinyos-wiki/index.php/Network_Protocols"
}

@misc{ctp:linkEstimation,
	author ={TinyOS community, Rodrigo Fonseca, Omprakash Gnawali, Kyle Jamieson, Sukun Kim, Philip Levis, and Alec Woo},
	title = "Link estimation CTP",
    url = "https://github.com/tinyos/tinyos-main/tree/master/tos/lib/net/4bitle"
}

@book{colesanti2010performance,
  title={A performance evaluation of the collection tree protocol based on its implementation for the castalia wireless sensor networks simulator},
  author={Colesanti, Ugo and Santini, Silvia},
  year={2010},
  publisher={ETH, Department of Computer Science}
}

@misc{website:TINYOS,
	author ={Philip Levis},
	year={2003},
	title = "TinyOS Programming",
    url = "http://csl.stanford.edu/~pal/pubs/tinyos-programming.pdf"
}

@misc{website:nesc,
	author ={David Gay, Philip Levis, David Culler, and Eric Brewer},
	title = "nesC 1.1 Language Reference Manual",
    url = "http://nescc.sourceforge.net/papers/nesc-ref.pdf"
}

@misc{ieee:802.15.4,
	author ={The Institute of Electrical and Electronics Engineers},
	title = "Wireless Medium Access
Control and Physical Layer Specifications for Low-Rate Wireless Personal Area Networks",
    url = "http://www.iith.ac.in/~tbr/teaching/docs/802.15.4-2003.pdf",
    publisher = "IEEE Computer Society"
}

@inproceedings{bitencourt2012simulation,
  title={Simulation domains for networked embedded systems},
  author={Bitencourt, Hugo V and Da Cunha, Adriano B and Da Silva, Diogenes C},
  booktitle={Student Forum on Microelectronics, SForum},
  year={2012}
}

@article{zimmermann1980osi,
  title={OSI reference model--The ISO model of architecture for open systems interconnection},
  author={Zimmermann, Hubert},
  journal={IEEE Transactions on communications},
  volume={28},
  number={4},
  pages={425--432},
  year={1980},
  publisher={IEEE}
}


@techreport{RFC1058,
  author = {C. Hedrick},
  title = {Routing Information Protocol},
  howpublished = {Internet Requests for Comments},
  type = {RFC},
  number = {1058},
  year = {1988},
  month = {June},
  issn = {2070-1721},
  publisher = {RFC Editor},
  institution = {RFC Editor},
  url = {http://www.rfc-editor.org/rfc/rfc1058.txt},
  note = {\url{http://www.rfc-editor.org/rfc/rfc1058.txt}},
}

@techreport{RFC3626,
  author = {T. Clausen and P. Jacquet},
  title = {Optimized Link State Routing Protocol (OLSR)},
  howpublished = {Internet Requests for Comments},
  type = {RFC},
  number = {3626},
  year = {2003},
  month = {October},
  issn = {2070-1721},
  publisher = {RFC Editor},
  institution = {RFC Editor},
  url = {http://www.rfc-editor.org/rfc/rfc3626.txt},
  note = {\url{http://www.rfc-editor.org/rfc/rfc3626.txt}},
}

@techreport{RFC3561,
  author = {C. Perkins and E. Belding-Royer and S. Das},
  title = {Ad hoc On-Demand Distance Vector (AODV) Routing},
  howpublished = {Internet Requests for Comments},
  type = {RFC},
  number = {3561},
  year = {2003},
  month = {July},
  issn = {2070-1721},
  publisher = {RFC Editor},
  institution = {RFC Editor},
  url = {http://www.rfc-editor.org/rfc/rfc3561.txt},
  note = {\url{http://www.rfc-editor.org/rfc/rfc3561.txt}},
}

@techreport{RFC4728,
  author = {D. Johnson and Y. Hu and D. Maltz},
  title = {The Dynamic Source Routing Protocol (DSR) for Mobile Ad Hoc Networks for IPv4},
  howpublished = {Internet Requests for Comments},
  type = {RFC},
  number = {4728},
  year = {2007},
  month = {February},
  issn = {2070-1721},
  publisher = {RFC Editor},
  institution = {RFC Editor},
  url = {http://www.rfc-editor.org/rfc/rfc4728.txt},
  note = {\url{http://www.rfc-editor.org/rfc/rfc4728.txt}},
}

@article{pottie2000wireless,
  title={Wireless integrated network sensors},
  author={Pottie, Gregory J and Kaiser, William J},
  journal={Communications of the ACM},
  volume={43},
  number={5},
  pages={51--58},
  year={2000},
  publisher={ACM}
}

@inproceedings{zhao2004energy,
  title={Energy-efficient self-organization for wireless sensor networks: A fully distributed approach},
  author={Zhao, Liang and Hong, Xiang and Liang, Qilian},
  booktitle={Global Telecommunications Conference, 2004. GLOBECOM'04. IEEE},
  volume={5},
  pages={2728--2732},
  year={2004},
  organization={IEEE}
}

@article{pecho2010simulation,
  title={Simulation and Evaluation of CTP and Secure-CTP Protocols},
  author={Pecho, Peter and Hanacek, Petr and Nagy, Jan},
  journal={Radioengineering},
  year={2010},
  publisher={Spole{\v{c}}nost pro radioelektronick{\'e} in{\v{z}}en{\`y}rstv{\'\i}}
}

@article{akyildiz2002wireless,
  title={Wireless sensor networks: a survey},
  author={Akyildiz, Ian F and Su, Weilian and Sankarasubramaniam, Yogesh and Cayirci, Erdal},
  journal={Computer networks},
  volume={38},
  number={4},
  pages={393--422},
  year={2002},
  publisher={Elsevier}
}

@article{cayirci2007sendrom,
  title={SENDROM: sensor networks for disaster relief operations management},
  author={Cayirci, Erdal and Coplu, Tolga},
  journal={Wireless Networks},
  volume={13},
  number={3},
  pages={409--423},
  year={2007},
  publisher={Springer-Verlag New York, Inc.}
}

@inproceedings{juang2002energy,
  title={Energy-efficient computing for wildlife tracking: Design tradeoffs and early experiences with ZebraNet},
  author={Juang, Philo and Oki, Hidekazu and Wang, Yong and Martonosi, Margaret and Peh, Li Shiuan and Rubenstein, Daniel},
  booktitle={ACM Sigplan Notices},
  volume={37},
  number={10},
  pages={96--107},
  year={2002},
  organization={ACM}
}

@article{han2010smart,
  title={Smart home energy management system using IEEE 802.15. 4 and zigbee},
  author={Han, Dae-Man and Lim, Jae-Hyun},
  journal={IEEE Transactions on Consumer Electronics},
  volume={56},
  number={3},
  year={2010},
  publisher={IEEE}
}

@article{pantelopoulos2010survey,
  title={A survey on wearable sensor-based systems for health monitoring and prognosis},
  author={Pantelopoulos, Alexandros and Bourbakis, Nikolaos G},
  journal={IEEE Transactions on Systems, Man, and Cybernetics, Part C (Applications and Reviews)},
  volume={40},
  number={1},
  pages={1--12},
  year={2010},
  publisher={IEEE}
}

@inproceedings{baggio2005wireless,
  title={Wireless sensor networks in precision agriculture},
  author={Baggio, Aline},
  booktitle={ACM Workshop on Real-World Wireless Sensor Networks (REALWSN 2005), Stockholm, Sweden},
  year={2005},
  organization={Citeseer}
}


